<?xml version="1.0" encoding="UTF-8"?><collection xmlns="http://www.loc.gov/MARC21/slim"><record><leader>00336nam--2200121-i-4500</leader><controlfield tag="001">000039268</controlfield><controlfield tag="002">20161230</controlfield><controlfield tag="005">20161230201042</controlfield><controlfield tag="008">060222s1000------------r-----000-0-eng-d</controlfield><datafield ind1=" " ind2=" " tag="080"><subfield code="a">621.382(017)</subfield></datafield><datafield ind1=" " ind2=" " tag="245"><subfield code="a">Rca semiconductor products handbook, hb-10</subfield></datafield><datafield ind1=" " ind2=" " tag="260"><subfield code="a">Somerville, N.J. Radio Corporation Of America, 1961. Pag.Dif</subfield></datafield><datafield ind1=" " ind2=" " tag="852"><subfield code="a">17828</subfield></datafield></record></collection>